
@article{buttice2013,
	title = {How does multilevel regression and poststratification perform with conventional national surveys?},
	author = {{Buttice}, {Matthew K.} and {Highton}, {Benjamin}},
	year = {2013},
	date = {2013},
	journal = {Political Analysis},
	pages = {449--467},
	volume = {21},
	number = {4},
	doi = {10.1093/pan/mpt017}
}
